<record><leader>01172cam a2200337 a 4500</leader><controlfield tag="001">1338360</controlfield><controlfield tag="008">901123s1985    nyua     b        0 eng d</controlfield><datafield ind1=" " ind2=" " tag="010"><subfield code="a">   84020627 //r87</subfield></datafield><datafield ind1=" " ind2=" " tag="020"><subfield code="a">0911575502 (pbk.)</subfield></datafield><datafield ind1=" " ind2=" " tag="035"><subfield code="a">ocm11211062</subfield></datafield><datafield ind1=" " ind2=" " tag="040"><subfield code="a">DLC</subfield><subfield code="b">eng</subfield><subfield code="c">DLC</subfield></datafield><datafield ind1=" " ind2=" " tag="043"><subfield code="a">n-us---</subfield></datafield><datafield ind1=" " ind2=" " tag="049"><subfield code="a">AEU</subfield><subfield code="b">eng</subfield></datafield><datafield ind1="0" ind2="0" tag="050"><subfield code="a">LA217</subfield><subfield code="b">.M36 1985</subfield></datafield><datafield ind1="0" ind2=" " tag="082"><subfield code="a">379.1/54</subfield><subfield code="2">19</subfield></datafield><datafield ind1="0" ind2=" " tag="090"><subfield code="a">LA 217 M478 1985</subfield></datafield><datafield ind1="1" ind2=" " tag="100"><subfield code="a">McNeil, John D.</subfield></datafield><datafield ind1="1" ind2="0" tag="245"><subfield code="a">Issues in school reform :</subfield><subfield code="b">a view from the bottom-up /</subfield><subfield code="c">John D. McNeil and Barbara Schave.</subfield></datafield><datafield ind1=" " ind2=" " tag="260"><subfield code="a">New York, N.Y. :</subfield><subfield code="b">Optimization Software,</subfield><subfield code="c">c1985.</subfield></datafield><datafield ind1=" " ind2=" " tag="300"><subfield code="a">xviii, 174 p. :</subfield><subfield code="b">ill. ;</subfield><subfield code="c">23 cm.</subfield></datafield><datafield ind1=" " ind2=" " tag="336"><subfield code="a">text</subfield><subfield code="b">txt</subfield><subfield code="2">rdacontent</subfield></datafield><datafield ind1=" " ind2=" " tag="337"><subfield code="a">unmediated</subfield><subfield code="b">n</subfield><subfield code="2">rdamedia</subfield></datafield><datafield ind1=" " ind2=" " tag="338"><subfield code="a">volume</subfield><subfield code="b">nc</subfield><subfield code="2">rdacarrier</subfield></datafield><datafield ind1="1" ind2=" " tag="490"><subfield code="a">Series in school curriculum.</subfield></datafield><datafield ind1=" " ind2=" " tag="504"><subfield code="a">Bibliography: p. 173-174.</subfield></datafield><datafield ind1=" " ind2=" " tag="596"><subfield code="a">38</subfield></datafield><datafield ind1=" " ind2="0" tag="650"><subfield code="a">Education</subfield><subfield code="z">United States</subfield><subfield code="x">Evaluation.</subfield></datafield><datafield ind1=" " ind2="0" tag="650"><subfield code="a">Educational planning</subfield><subfield code="z">United States.</subfield></datafield><datafield ind1="1" ind2=" " tag="700"><subfield code="a">Klein, Barbara Schave.</subfield></datafield><datafield ind1=" " ind2="0" tag="830"><subfield code="a">Series in school curriculum.</subfield></datafield><datafield ind1=" " ind2=" " tag="926"><subfield code="a">LA 217 M478 1985</subfield><subfield code="w">LC</subfield><subfield code="c">1</subfield><subfield code="i">000035141480</subfield><subfield code="d">12/4/2000</subfield><subfield code="l">ON_SHELF</subfield><subfield code="m">UABARD</subfield><subfield code="n">9</subfield><subfield code="p">$150.00</subfield><subfield code="r">Y</subfield><subfield code="s">Y</subfield><subfield code="t">BOOK</subfield><subfield code="u">12/11/1990</subfield><subfield code="o">.STAFF. A0050316</subfield></datafield></record>